@inproceedings{peek2009hangsters,
  title={Hangsters: tangible peripheral interactive avatars for instant messaging},
  author={Peek, Nadya and Pitman, David and others},
  booktitle={Proceedings of the 3rd International Conference on Tangible and Embedded Interaction},
  pages={25--26},
  year={2009},
  organization={ACM}
}

@inproceedings{jafarinaimi2005breakaway,
  title={Breakaway: an ambient display designed to change human behavior},
  author={Jafarinaimi, Nassim and Forlizzi, Jodi and Hurst, Amy and Zimmerman, John},
  booktitle={CHI'05 extended abstracts on Human factors in computing systems},
  pages={1945--1948},
  year={2005},
  organization={ACM}
}

@inproceedings{rogers2010ambient,
  title={Ambient influence: Can twinkly lights lure and abstract representations trigger behavioral change?},
  author={Rogers, Yvonne and Hazlewood, William R and Marshall, Paul and Dalton, Nick and Hertrich, Susanna},
  booktitle={Proceedings of the 12th ACM international conference on Ubiquitous computing},
  pages={261--270},
  year={2010},
  organization={ACM}
}

@inproceedings{fortmann2013make,
  title={Make me move at work! An ambient light display to increase physical activity},
  author={Fortmann, Jens and Stratmann, Tim Claudius and Boll, Susanne and Poppinga, Benjamin and Heuten, Wilko},
  booktitle={Pervasive Computing Technologies for Healthcare (PervasiveHealth), 2013 7th International Conference on},
  pages={274--277},
  year={2013},
  organization={IEEE}
}

@inproceedings{ishii1997tangible,
  title={Tangible bits: towards seamless interfaces between people, bits and atoms},
  author={Ishii, Hiroshi and Ullmer, Brygg},
  booktitle={Proceedings of the ACM SIGCHI Conference on Human factors in computing systems},
  pages={234--241},
  year={1997},
  organization={ACM}
}
